19100000000001²À¸¼Ô¼ÞÖ³Î³(Â³ÁÖ³ËÖ³¼Þ»ÚÙ)1             05210123               001               11111111                 
20123               456                   12345678                              00000100000098765432109876543210        
20123               789                   13456789   "                          00000010000123456789012345678900        
8000002000000011000000000000000000000000000000000000000                                                                 
9                                                                                                                       
