12109876543210²À¸¼Ô¼ÞÖ³Î³(Â³ÁÖ³ËÖ³¼Þ»ÚÙ)1             11110123               123               12345678                 
20123               456                   12345678                              0000400000099999999999999999999         
8000001000000400000                                                                                                     
12100000000001²À¸¼Ô¼ÞÖ³Î³(Â³ÁÖ³ËÖ³¼Þ»ÚÙ)1             05210123               001               11111111                 
20123               456                   12345678                              0000010000009876543210987654321         
20123               789                   13456789                              0000001000012345678901234567890         
8000002000000011000                                                                                                     
9                                                                                                                       
