19109876543210²À¸¼Ô¼ÞÖ³Î³(Â³ÁÖ³ËÖ³¼Þ»ÚÙ)1             11110123               123               12345678                 
20123               456                   12345678                              00004000000999999999999999999990        
8000001000000400000000001000000400000000000000000000000                                                                 
19100000000001²À¸¼Ô¼ÞÖ³Î³(Â³ÁÖ³ËÖ³¼Þ»ÚÙ)1             05210123               001               11111111                 
20123               456                   12345678                              00000100000098765432109876543211        
20123               789                   13456789                              00000010000123456789012345678900        
8000002000000011000000001000000001000000001000000010000                                                                 
9                                                                                                                       
