12109876543211²À¸¼Ô¼ÞÖ³Î³(Â³ÁÖ³ËÖ³¼Þ»ÚÙ)2             11110123               001               14567891                 
20123               789                   25678901                              0000010000099999999999999999999 Y       
20123               123                   98901234                              0000001000099999999999999999999 Y       
8000002000000011000                                                                                                     
9                                                                                                                       
