19109876543211²À¸¼Ô¼ÞÖ³Î³(Â³ÁÖ³ËÖ³¼Þ»ÚÙ)2             11110123               001               14567891                 
20123               789                   25678901                              00000100000999999999999999999990        
20123               123                   98901234                              00000010000999999999999999999990        
8000002000000011000000000000000000000000000000000000000                                                                 
9                                                                                                                       
